@article{gbd2021,
author={Steinmetz, Jaimie D.
and Bourne, Rupert R. A.
and Briant, Paul Svitil
and Flaxman, Seth R.
and Taylor, Hugh R. B.
and Jonas, Jost B.
},
title={Causes of blindness and vision impairment in 2020 and trends over 30 years, and prevalence of avoidable blindness in relation to VISION 2020: the Right to Sight: an analysis for the Global Burden of Disease Study},
journal={The Lancet Global Health},
year={2021},
month={Feb},
day={01},
publisher={Elsevier},
volume={9},
number={2},
pages={e144-e160},
issn={2214-109X},
doi={10.1016/S2214-109X(20)30489-7},
url={https://doi.org/10.1016/S2214-109X(20)30489-7}
}


@techreport{webaccess2024,
  author = {Visser, C. and Flohr, Y. and Trichter, D.},
  title = {The state of web accessibility in 2024},
  institution = {AccessibilityChecker.org},
  year = {2024},
  type = {Research Report},
  url = {https://www.accessibilitychecker.org/research-papers/the-state-of-web-accessibility-in-2024-research-report/}
}

@techreport{semrumsh,
  author = {SemRush},
  title = {Montlhy Traffic by Website},
  institution = {SemRush},
  year = {2025},
  type = {Reports},
  url = {https://www.semrush.com/projects/}
}

@techreport{browserstats2025,
  author = {Statcounter Global Stats},
  institution = {Statcounter},
  title = {Browser market share worldwide},
  year = {2025},
  url = {https://gs.statcounter.com/browser-market-share},
  urldate = {2025-04-19}

}

@techreport{wcag2023,
  title = {Web Content Accessibility Guidelines (WCAG) 2.1},
  subtitle = {How to Meet WCAG (Quick Reference)},
  institution = {W3C World Wide Web Consortium},
  author = {W3C Team},
  year = {2023},
  url = {https://www.w3.org/WAI/WCAG22/quickref/?versions=2.1},
  urldate = {2025-04-20}
}

@techreport{wcagchallenges2025,
  author = {Sajka, J. and Korn, P. and Hall, C. and Cooper, M.},
  title = {Challenges with accessibility guidelines conformance and testing, and approaches for mitigating them},
  institution = {W3C},
  year = {2025},
  type = {Editor's Draft},
  url = {https://w3c.github.io/wcag/conformance-challenges/}
}




@article{prakash2024,
author = {Prakash, Yash and Nayak, Akshay Kolgar and Sunkara, Mohan and Jayarathna, Sampath and Lee, Hae-Na and Ashok, Vikas},
title = {All in One Place: Ensuring Usable Access to Online Shopping Items for Blind Users},
year = {2024},
issue_date = {June 2024},
publisher = {Association for Computing Machinery},
address = {New York, NY, USA},
volume = {8},
number = {EICS},
url = {https://doi.org/10.1145/3664639},
doi = {10.1145/3664639},
journal = {Proc. ACM Hum.-Comput. Interact.},
month = jun,
articleno = {257},
numpages = {25},
keywords = {Blind, Online shopping, Screen reader, Visual impairment, Web usability}
}


@inproceedings{kodandaram2024,
   author = {Kodandaram, Satwik Ram and Uckun, Utku and Bi, Xiaojun and Ramakrishnan, IV and Ashok, Vikas},
    title = {Enabling Uniform Computer Interaction Experience for Blind Users through Large Language Models},
    year = {2024},
    isbn = {9798400706776},
    publisher = {Association for Computing Machinery},
    address = {New York, NY, USA},
    url = {https://doi.org/10.1145/3663548.3675605},
    doi = {10.1145/3663548.3675605},
    booktitle = {Proceedings of the 26th International ACM SIGACCESS Conference on Computers and Accessibility},
    articleno = {73},
    numpages = {14},
    keywords = {Accessibility, Assistive technology, Blind users, Computer Interaction, Large language models (LLMs), Uniform interaction},
    location = {St. John's, NL, Canada},
    series = {ASSETS '24}
}


@misc{mehendale2024,
  title={DexAssist: A Voice-Enabled Dual-LLM Framework for Accessible Web Navigation}, 
  author={Shridhar Mehendale and Ankit Walishetti},
  year={2024},
  eprint={2411.12214},
  archivePrefix={arXiv},
  primaryClass={cs.HC},
  url={https://arxiv.org/abs/2411.12214}, 
}

@inproceedings{ferdous2021semantic,
    author = {Ferdous, Javedul and Uddin, Sami and Ashok, Vikas},
    title = {Semantic table-of-contents for efficient web screen reading},
    year = {2021},
    isbn = {9781450381048},
    publisher = {Association for Computing Machinery},
    address = {New York, NY, USA},
    url = {https://doi.org/10.1145/3412841.3442066},
    doi = {10.1145/3412841.3442066},
    booktitle = {Proceedings of the 36th Annual ACM Symposium on Applied Computing},
    pages = {1941–1949},
    numpages = {9},
    keywords = {personalization, screen reader, web accessibility},
    location = {Virtual Event, Republic of Korea},
    series = {SAC '21}
}


@misc{he2024webvoyager,
 title={WebVoyager: Building an End-to-End Web Agent with Large Multimodal Models}, 
  author={Hongliang He and Wenlin Yao and Kaixin Ma and Wenhao Yu and Yong Dai and Hongming Zhang and Zhenzhong Lan and Dong Yu},
  year={2024},
  eprint={2401.13919},
  archivePrefix={arXiv},
  primaryClass={cs.CL},
  url={https://arxiv.org/abs/2401.13919}, 
}

@inproceedings{craven2004linear,
    author="Craven, Jenny",
    editor="Miesenberger, Klaus
    and Klaus, Joachim
    and Zagler, Wolfgang L.
    and Burger, Dominique",
    title="Linear Searching in a Non-linear Environment: The Information Seeking Behaviour of Visually Impaired People on the World Wide Web",
    booktitle="Computers Helping People with Special Needs",
    year="2004",
    publisher="Springer Berlin Heidelberg",
    address="Berlin, Heidelberg",
    pages="530--537",
    isbn="978-3-540-27817-7"
}



@article{Babu_2013, 
 title={Understanding challenges in non-visual interaction with travel sites: An exploratory field study with blind users},
  author={Babu, Rakesh},
  journal={First Monday},
  year={2013}
}

@inproceedings{Chintalapati_2022, 
    series={ASSETS ’22},
   title={A Dataset of Alt Texts from HCI Publications: Analyses and Uses Towards Producing More Descriptive Alt Texts of Data Visualizations in Scientific Papers},
   url={http://dx.doi.org/10.1145/3517428.3544796},
   DOI={10.1145/3517428.3544796},
   booktitle={Proceedings of the 24th International ACM SIGACCESS Conference on Computers and Accessibility},
   publisher={ACM},
   author={Chintalapati, Sanjana Shivani and Bragg, Jonathan and Wang, Lucy Lu},
   year={2022},
   month=oct, pages={1–12},
   collection={ASSETS ’22} 
}

@article{abuaddous2016web,
  title={Web accessibility challenges},
  author={Abuaddous, Hayfa Y and Jali, Mohd Zalisham and Basir, Nurlida},
  journal={International Journal of Advanced Computer Science and Applications},
  volume={7},
  number={10},
  year={2016},
  publisher={Science and Information (SAI) Organization Limited}
}

@inproceedings{antonelli2018survey,
  title={A survey on accessibility awareness of Brazilian web developers},
  author={Antonelli, Humberto Lidio and Rodrigues, Sandra Souza and Watanabe, Willian Massami and de Mattos Fortes, Renata Pontin},
  booktitle={Proceedings of the 8th international conference on software development and technologies for enhancing accessibility and fighting info-exclusion},
  pages={71--79},
  year={2018}
}

@article{martins2024large,
  title={A large-scale web accessibility analysis considering technology adoption},
  author={Martins, Beatriz and Duarte, Carlos},
  journal={Universal Access in the Information Society},
  volume={23},
  number={4},
  pages={1857--1872},
  year={2024},
  publisher={Springer}
}

@article{Ramakrishnan2017-rn,
  title     = "Non-visual web browsing: Beyond web accessibility",
  booktitle = "Universal Access in {Human--Computer} Interaction. Designing
               Novel Interactions",
  author    = "Ramakrishnan, I V and Ashok, Vikas and Billah, Syed Masum",
  journal = "Springer International Publishing",
  pages     = "322--334",
  series    = "Lecture notes in computer science",
  year      =  2017,
  address   = "Cham"
}